@inproceedings{ferrara2008evaluating,
  title={Evaluating systems assessing face-image compliance with ICAO/ISO standards},
  author={Ferrara, Matteo and Franco, Annalisa and Maltoni, Davide},
  booktitle={European Workshop on Biometrics and Identity Management},
  pages={191--199},
  year={2008},
  organization={Springer}
}

@article{ferrara2012face,
  title={{Face image conformance to ISO/ICAO standards in machine readable travel documents}},
  author={Ferrara, Matteo and Franco, Annalisa and Maio, Dario and Maltoni, Davide},
  journal={IEEE Transactions on Information Forensics and Security},
  volume={7},
  number={4},
  pages={1204--1213},
  year={2012},
  publisher={Institute of Electrical and Electronics Engineers, Inc., 3 Park Avenue, 17 th Fl New York NY 10016-5997 United States}
}

@article{ferrara2012multi,
  title={A multi-classifier approach to face image segmentation for travel documents},
  author={Ferrara, Matteo and Franco, Annalisa and Maio, Dario},
  journal={Expert Systems with Applications},
  volume={39},
  number={9},
  pages={8452--8466},
  year={2012},
  publisher={Elsevier}
}

@inproceedings{maltoni2009biolab,
  title={{Biolab-ICAO: a new benchmark to evaluate applications assessing face image compliance to ISO/IEC 19794-5 standard}},
  author={Maltoni, Davide and Franco, Annalisa and Ferrara, Matteo and Maio, Dario and Nardelli, Antonio},
  booktitle={ 16th IEEE International Conference on Image Processing (ICIP)},
  pages={41--44},
  year={2009},
}

@misc{icao2003report,
  author = {{ICAO}},
  title = {{Biometrics deployment of machine readable travel documents. Technical Report ICAO TAG MRTD/NTWG Version 1.9}},
  year = {2003}
}

@misc{iso-iec,
  author = {{ISO}},
  title = {{Information Technology - Biometric Data Interchange Formats - Part 5: Face Image Data/Amendment 1: Conditions for Taking Photographs or Face Image Data. Technical Report ISO/IEC 19794-5:2005}},
  year = {2007}
}

@article{zhang2017survey,
  title={A survey on multi-task learning},
  author={Zhang, Yu and Yang, Qiang},
  journal={arXiv preprint arXiv:1707.08114},
  year={2017}
}

@inproceedings{collobert-nlp,
 author = {Collobert, Ronan and Weston, Jason},
 title = {A Unified Architecture for Natural Language Processing: Deep Neural Networks with Multitask Learning},
 booktitle = {Proceedings of the 25th International Conference on Machine Learning},
 series = {ICML '08},
 year = {2008},
 isbn = {978-1-60558-205-4},
 location = {Helsinki, Finland},
 pages = {160--167},
 numpages = {8},
 url = {http://doi.acm.org/10.1145/1390156.1390177},
 doi = {10.1145/1390156.1390177},
 acmid = {1390177},
 publisher = {ACM},
 address = {New York, NY, USA},
} 

@inproceedings{deng2013new,
  title={New types of deep neural network learning for speech recognition and related applications: An overview},
  author={Deng, Li and Hinton, Geoffrey and Kingsbury, Brian},
  booktitle={Acoustics, Speech and Signal Processing (ICASSP), 2013 IEEE International Conference on},
  pages={8599--8603},
  year={2013},
  organization={IEEE}
}

@inproceedings{girshick2015fast,
  title={Fast r-cnn},
  author={Girshick, Ross},
  booktitle={Proceedings of the IEEE international conference on computer vision},
  pages={1440--1448},
  year={2015}
}

@article{ramsundar2015massively,
  title={Massively multitask networks for drug discovery},
  author={Ramsundar, Bharath and Kearnes, Steven and Riley, Patrick and Webster, Dale and Konerding, David and Pande, Vijay},
  journal={arXiv preprint arXiv:1502.02072},
  year={2015}
}

@inproceedings{parente2016assessing,
  title={{Assessing Facial Image Accordance to ISO/ICAO Requirements}},
  author={Parente, RL and Batista, Leonardo V and Andrezza, Igor LP and Borges, Erick VCL and Mota, Rajiv AT},
  booktitle={{29th SIBGRAPI Conference on Graphics, Patterns and Images (SIBGRAPI)}},
  pages={180--187},
  year={2016},
  organization={IEEE}
}

@article{lecun2015deep,
  title={Deep learning},
  author={LeCun, Yann and Bengio, Yoshua and Hinton, Geoffrey},
  journal={nature},
  volume={521},
  number={7553},
  pages={436},
  year={2015},
  publisher={Nature Publishing Group}
}

@book{goodfellow2016deep,
  title={Deep learning},
  author={Goodfellow, Ian and Bengio, Yoshua and Courville, Aaron and Bengio, Yoshua},
  volume={1},
  year={2016},
  publisher={MIT press Cambridge}
}

@Article{Caruana1997,
    author="Caruana, Rich",
    title="Multitask Learning",
    journal="Machine Learning",
    year="1997",
    month="Jul",
    day="01",
    volume="28",
    number="1",
    pages="41--75",
    issn="1573-0565",
    doi="10.1023/A:1007379606734",
    url="https://doi.org/10.1023/A:1007379606734"
}

@inproceedings{andrezza2016facial,
  title={Facial Compliance for Travel Documents},
  author={Andrezza, Igor LP and Borges, Erick VCL and Mota, Rajiv AT and Primo, Jo{\~a}o Janduy B},
  booktitle={{29th SIBGRAPI Conference on Graphics, Patterns and Images (SIBGRAPI)}},
  pages={166--172},
  year={2016},
  organization={IEEE}
}

@inproceedings{borges2016analysis,
  title={{Analysis of the Eyes on Face Images for Compliance with ISO/ICAO Requirements}},
  author={Borges, Erick VCL and Andrezza, Igor LP and Marques, Jos{\'e} RT and Mota, Rajiv AT and Primo, Jo{\~a}o Janduy B},
  booktitle={{29th SIBGRAPI Conference on Graphics, Patterns and Images (SIBGRAPI)}},
  pages={173--179},
  year={2016},
  organization={IEEE}
}

@misc{fvcongoing,
  author = {{FVC-onGoing}},
  title = {{Face Image ISO Compliance Verification}},
  year = {2006}, 
  note = "[Online; accessed December-2020]"
}

@misc{fvcBioTest,
  author = {{BioTest}},
  title = {{Result of algorithm BioTest 1.3.8 on FICV-1.0}},
  howpublished = "\url{https://biolab.csr.unibo.it/FvcOnGoing/UI/Form/AlgResult.aspx?algId=2787}",
  year = {2014}, 
  note = "[Online; accessed December-2020]"
}

@misc{fvcICAOCompliance,
  author = {{ICAO\_compliance}},
  title = {{Result of algorithm ICAO\_compliance 1.1.4 on FICV-1.0}},
  howpublished = "\url{https://biolab.csr.unibo.it/FvcOnGoing/UI/Form/AlgResult.aspx?algId=5343}",
  year = {2016}, 
  note = "[Online; accessed December-2020]"
}

@misc{fvcVsoft,
  author = {{BioPassFace}},
  title = {{Result of algorithm BioPass Face 5.6 on FICV-1.0}},
  howpublished = "\url{https://biolab.csr.unibo.it/FvcOnGoing/UI/Form/AlgResult.aspx?algId=6336}",
  year = {2017}, 
  note = "[Online; accessed December-2020]"
}

@misc{fvcSeamfix,
  author = {{ICAO SDK}},
  title = {{Result of algorithm ICAO SDK 1.0.0 on FICV-1.0}},
  howpublished = "\url{https://biolab.csr.unibo.it/FvcOnGoing/UI/Form/AlgResult.aspx?algId=8134}",
  year = {2021}, 
  note = "[Online; accessed June-2021]"
}

@misc{nist2011,
  title={{Data Format for the Interchange of Fingerprint, Facial \& Other Biometric Information ANSI/NIST-ITL 1â€“2011}},
  author={Wing, Bradford J},
  year={2011}
}

@inproceedings{sang2009face,
  title={{Face image quality evaluation for ISO/IEC standards 19794-5 and 29794-5}},
  author={Sang, Jitao and Lei, Zhen and Li, Stan Z},
  booktitle={International Conference on Biometrics},
  pages={229--238},
  year={2009},
  organization={Springer}
}

@article{subasic2009expert,
  title={Expert system segmentation of face images},
  author={Subasic, Marko and Loncaric, Sven and Birchbauer, Josef},
  journal={Expert Systems with Applications},
  volume={36},
  number={3},
  pages={p. 4497--4507},
  year={2009},
  publisher={Elsevier}
}

@inproceedings{hirzer2009automatic,
  title={An automatic hybrid segmentation approach for aligned face portrait images},
  author={Hirzer, Martin and Urschler, Martin and Bischof, Horst and Birchbauer, Josef A and Center, Siemens Biometrics},
  booktitle={Proceedings of the Workshop of the Austrian Association for Pattern Recognition},
  pages={49--60},
  year={2009}
}

@article{nguyen2013automated,
  title={{Automated conformance testing for ISO/IEC 19794-5 Standard on facial photo specifications}},
  author={Nguyen, Thi Hai Binh and Nguyen, Van Huan and Kim, Hakil},
  journal={International Journal of Biometrics},
  volume={5},
  number={1},
  pages={73--98},
  year={2013},
  publisher={Inderscience Publishers Ltd}
}

@article{nourbakhshfacial,
  title={{Facial Images Quality Assessment based on ISO/ICAO Standard Compliance Estimation by HMAX Model}},
  author={Nourbakhsh, Azamossadat and Moin, Mohammad-Shahram and Sharifi, Arash},
  journal={Information Systems \& Telecommunication},
  year={2019}
}

@misc{yeephycho,
  author = {{Yeephycho}},
  title = {{Tensorflow Face Detector}},
  howpublished = "\url{https://github.com/yeephycho/tensorflow-face-detection}",
  year = {2017},
}

@inproceedings{yang2016wider,
  title={Wider face: A face detection benchmark},
  author={Yang, Shuo and Luo, Ping and Loy, Chen-Change and Tang, Xiaoou},
  booktitle={Proceedings of the IEEE conference on computer vision and pattern recognition},
  pages={5525--5533},
  year={2016}
}

@article{shap2018,
  author    = {Scott Lundberg and
               Su{-}In Lee},
  title     = {A unified approach to interpreting model predictions},
  journal   = {CoRR},
  volume    = {abs/1705.07874},
  year      = {2017},
  url       = {http://arxiv.org/abs/1705.07874},
  archivePrefix = {arXiv},
  eprint    = {1705.07874},
  timestamp = {Mon, 13 Aug 2018 16:48:04 +0200},
  biburl    = {https://dblp.org/rec/journals/corr/LundbergL17.bib},
  bibsource = {dblp computer science bibliography, https://dblp.org}
}

@inproceedings{zhou2016learning,
  title={Learning deep features for discriminative localization},
  author={Zhou, Bolei and Khosla, Aditya and Lapedriza, Agata and Oliva, Aude and Torralba, Antonio},
  booktitle={{Proceedings of the IEEE Conference on Computer Vision and Pattern Recognition}},
  pages={2921--2929},
  year={2016}
}

@inproceedings{glorot2010understanding,
  title={Understanding the difficulty of training deep feedforward neural networks},
  author={Glorot, Xavier and Bengio, Yoshua},
  booktitle={Proceedings of the 13th International Conference on Artificial Intelligence and Statistics},
  pages={249--256},
  year={2010}
}

@article{pca,
  title={Principal component analysis},
  author={Wold, Svante and Esbensen, Kim and Geladi, Paul},
  journal={Chemometrics and intelligent laboratory systems},
  volume={2},
  number={1-3},
  pages={37--52},
  year={1987},
  publisher={Elsevier}
}

@inproceedings{sne,
  title={Stochastic neighbor embedding},
  author={Hinton, Geoffrey and Roweis, Sam T},
  booktitle={NIPS},
  volume={15},
  pages={833--840},
  year={2002},
  organization={Citeseer}
}

@article{tsne,
  title={Visualizing data using t-SNE},
  author={Maaten, Laurens van der and Hinton, Geoffrey},
  journal={Journal of machine learning research},
  volume={9},
  number={Nov},
  pages={2579--2605},
  year={2008}
}

@article{phillips1998feret,
  title={The FERET database and evaluation procedure for face-recognition algorithms},
  author={Phillips, P Jonathon and Wechsler, Harry and Huang, Jeffery and Rauss, Patrick J},
  journal={Image and vision computing},
  volume={16},
  number={5},
  pages={295--306},
  year={1998},
  publisher={Elsevier}
}

@misc{tarres2012gtav,
  author = {Tarr{\'e}s, F},
  title = {{GTAV face database}},
  howpublished = "\url{http://gps-tsc. upc. es/GTAV/ResearchAreas/UPCFaceDatabase/GTAVFaceDatabase. html}",
  year = {2012},
}

@misc{martinez1998ar,
  author = {Martinez, Aleix M},
  title = {{The AR face database}},
  howpublished = {Computer Vision Center (CVC) Technical Report},
  year = {1998},
}

@article{kasinski2008put,
  title={{The PUT face database}},
  author={Kasinski, Andrzej and Florek, Andrzej and Schmidt, Adam},
  journal={Image Processing and Communications},
  volume={13},
  number={3-4},
  pages={59--64},
  year={2008}
}

@inproceedings{databaseFRGC,
  title={Overview of the face recognition grand challenge},
  author={Phillips, P Jonathon and Flynn, Patrick J and Scruggs, Todd and Bowyer, Kevin W and Chang, Jin and Hoffman, Kevin and Marques, Joe and Min, Jaesik and Worek, William},
  booktitle={IEEE Conference on Computer Vision and Pattern Recognition (CVPR'05)},
  volume={1},
  pages={947--954},
  year={2005},
  organization={IEEE}
}

@inproceedings{databaseAFW,
  title={Face detection, pose estimation, and landmark localization in the wild},
  author={Zhu, Xiangxin and Ramanan, Deva},
  booktitle={2012 IEEE conference on computer vision and pattern recognition},
  pages={2879--2886},
  year={2012},
  organization={IEEE}
}

@article{khosla2020supervised,
  title={Supervised contrastive learning},
  author={Khosla, Prannay and Teterwak, Piotr and Wang, Chen and Sarna, Aaron and Tian, Yonglong and Isola, Phillip and Maschinot, Aaron and Liu, Ce and Krishnan, Dilip},
  journal={arXiv preprint arXiv:2004.11362},
  year={2020}
}

@inproceedings{viola2001rapid,
  title={Rapid object detection using a boosted cascade of simple features},
  author={Viola, Paul and Jones, Michael},
  booktitle={Proceedings of the 2001 IEEE computer society conference on computer vision and pattern recognition. CVPR 2001},
  volume={1},
  pages={I--I},
  year={2001},
  organization={IEEE}
}

@article{faceboxes,
  author    = {Shifeng Zhang and
               Xiangyu Zhu and
               Zhen Lei and
               Hailin Shi and
               Xiaobo Wang and
               Stan Z. Li},
  title     = {FaceBoxes: {A} {CPU} Real-time Face Detector with High Accuracy},
  journal   = {CoRR},
  volume    = {abs/1708.05234},
  year      = {2017},
  url       = {http://arxiv.org/abs/1708.05234},
  archivePrefix = {arXiv},
  eprint    = {1708.05234},
  timestamp = {Mon, 13 Aug 2018 16:48:50 +0200},
  biburl    = {https://dblp.org/rec/journals/corr/abs-1708-05234.bib},
  bibsource = {dblp computer science bibliography, https://dblp.org}
}

@article{vandenhende2021multi,
  title={Multi-Task Learning for Dense Prediction Tasks: A Survey},
  author={Vandenhende, Simon and Georgoulis, Stamatios and Van Gansbeke, Wouter and Proesmans, Marc and Dai, Dengxin and Van Gool, Luc},
  journal={IEEE Transactions on Pattern Analysis and Machine Intelligence},
  year={2021},
  publisher={IEEE}
}

@inproceedings{kendall2018multi,
  title={Multi-task learning using uncertainty to weigh losses for scene geometry and semantics},
  author={Kendall, Alex and Gal, Yarin and Cipolla, Roberto},
  booktitle={Proceedings of the IEEE conference on computer vision and pattern recognition},
  pages={7482--7491},
  year={2018}
}

@inproceedings{chen2018gradnorm,
  title={Gradnorm: Gradient normalization for adaptive loss balancing in deep multitask networks},
  author={Chen, Zhao and Badrinarayanan, Vijay and Lee, Chen-Yu and Rabinovich, Andrew},
  booktitle={International Conference on Machine Learning},
  pages={794--803},
  year={2018},
  organization={PMLR}
}

@article{sener2018multi,
  title={Multi-task learning as multi-objective optimization},
  author={Sener, Ozan and Koltun, Vladlen},
  journal={arXiv preprint arXiv:1810.04650},
  year={2018}
}

@inproceedings{ruder2019latent,
  title={Latent multi-task architecture learning},
  author={Ruder, Sebastian and Bingel, Joachim and Augenstein, Isabelle and S{\o}gaard, Anders},
  booktitle={Proceedings of the AAAI Conference on Artificial Intelligence},
  volume={33},
  pages={4822--4829},
  year={2019}
}

@inproceedings{gao2019nddr,
  title={{NDDR-CNN}: Layerwise feature fusing in multi-task cnns by neural discriminative dimensionality reduction},
  author={Gao, Yuan and Ma, Jiayi and Zhao, Mingbo and Liu, Wei and Yuille, Alan L},
  booktitle={Proceedings of the IEEE/CVF Conference on Computer Vision and Pattern Recognition},
  pages={3205--3214},
  year={2019}
}

@inproceedings{liu2019end,
  title={End-to-end multi-task learning with attention},
  author={Liu, Shikun and Johns, Edward and Davison, Andrew J},
  booktitle={Proceedings of the IEEE/CVF Conference on Computer Vision and Pattern Recognition},
  pages={1871--1880},
  year={2019}
}

@inproceedings{xu2018pad,
  title={Pad-net: Multi-tasks guided prediction-and-distillation network for simultaneous depth estimation and scene parsing},
  author={Xu, Dan and Ouyang, Wanli and Wang, Xiaogang and Sebe, Nicu},
  booktitle={Proceedings of the IEEE Conference on Computer Vision and Pattern Recognition},
  pages={675--684},
  year={2018}
}

@inproceedings{zhang2018joint,
  title={Joint task-recursive learning for semantic segmentation and depth estimation},
  author={Zhang, Zhenyu and Cui, Zhen and Xu, Chunyan and Jie, Zequn and Li, Xiang and Yang, Jian},
  booktitle={Proceedings of the European Conference on Computer Vision (ECCV)},
  pages={235--251},
  year={2018}
}

@inproceedings{vandenhende2020mti,
  title={Mti-net: Multi-scale task interaction networks for multi-task learning},
  author={Vandenhende, Simon and Georgoulis, Stamatios and Van Gool, Luc},
  booktitle={European Conference on Computer Vision},
  pages={527--543},
  year={2020},
  organization={Springer}
}

@inproceedings{misra2016cross,
  title={Cross-stitch networks for multi-task learning},
  author={Misra, Ishan and Shrivastava, Abhinav and Gupta, Abhinav and Hebert, Martial},
  booktitle={Proceedings of the IEEE conference on computer vision and pattern recognition},
  pages={3994--4003},
  year={2016}
}

@inproceedings{zhang2019pattern,
  title={Pattern-affinitive propagation across depth, surface normal and semantic segmentation},
  author={Zhang, Zhenyu and Cui, Zhen and Xu, Chunyan and Yan, Yan and Sebe, Nicu and Yang, Jian},
  booktitle={Proceedings of the IEEE/CVF Conference on Computer Vision and Pattern Recognition},
  pages={4106--4115},
  year={2019}
}

@article{matthews1975comparison,
  title={Comparison of the predicted and observed secondary structure of T4 phage lysozyme},
  author={Matthews, Brian W},
  journal={Biochimica et Biophysica Acta (BBA)-Protein Structure},
  volume={405},
  number={2},
  pages={442--451},
  year={1975},
  publisher={Elsevier}
}

@article{chicco2017ten,
  title={Ten quick tips for machine learning in computational biology},
  author={Chicco, Davide},
  journal={BioData mining},
  volume={10},
  number={1},
  pages={1--17},
  year={2017},
  publisher={Springer}
}

@book{ross2006handbook,
  title={Handbook of multibiometrics},
  author={Ross, Arun A and Nandakumar, Karthik and Jain, Anil K},
  volume={6},
  year={2006},
  publisher={Springer Science \& Business Media}
}

@inproceedings{jesorsky2001robust,
  title={Robust face detection using the hausdorff distance},
  author={Jesorsky, Oliver and Kirchberg, Klaus J and Frischholz, Robert W},
  booktitle={International conference on audio-and video-based biometric person authentication},
  pages={90--95},
  year={2001},
  organization={Springer}
}

@article{martinez2001pca,
  title={Pca versus lda},
  author={Martinez, Aleix M and Kak, Avinash C},
  journal={IEEE transactions on pattern analysis and machine intelligence},
  volume={23},
  number={2},
  pages={228--233},
  year={2001},
  publisher={IEEE}
}

@incollection{izenman2013linear,
  title={Linear discriminant analysis},
  author={Izenman, Alan Julian},
  booktitle={Modern multivariate statistical techniques},
  pages={237--280},
  year={2013},
  publisher={Springer}
}

@article{shapley1953value,
  title={A value for n-person games},
  author={Shapley, Lloyd S},
  journal={Contributions to the Theory of Games},
  volume={2},
  number={28},
  pages={307--317},
  year={1953}
}

@inproceedings{lime,
  title={" Why should i trust you?" Explaining the predictions of any classifier},
  author={Ribeiro, Marco Tulio and Singh, Sameer and Guestrin, Carlos},
  booktitle={Proceedings of the 22nd ACM SIGKDD international conference on knowledge discovery and data mining},
  pages={1135--1144},
  year={2016}
}

@article{deeplift_old,
  title={Not just a black box: Learning important features through propagating activation differences},
  author={Shrikumar, Avanti and Greenside, Peyton and Shcherbina, Anna and Kundaje, Anshul},
  journal={arXiv preprint arXiv:1605.01713},
  year={2016}
}

@inproceedings{deeplift_new,
  title={Learning important features through propagating activation differences},
  author={Shrikumar, Avanti and Greenside, Peyton and Kundaje, Anshul},
  booktitle={International Conference on Machine Learning},
  pages={3145--3153},
  year={2017},
  organization={PMLR}
}

@inproceedings{petscharnig2017dimensionality,
  title={Dimensionality reduction for image features using deep learning and autoencoders},
  author={Petscharnig, Stefan and Lux, Mathias and Chatzichristofis, Savvas},
  booktitle={Proceedings of the 15th international workshop on content-based multimedia indexing},
  pages={1--6},
  year={2017}
}

@inproceedings{wang2015dimensionality,
  title={Dimensionality reduction strategy based on auto-encoder},
  author={Wang, Yasi and Yao, Hongxun and Zhao, Sicheng and Zheng, Ying},
  booktitle={Proceedings of the 7th International Conference on Internet Multimedia Computing and Service},
  pages={1--4},
  year={2015}
}

@inproceedings{sakurada2014anomaly,
  title={Anomaly detection using autoencoders with nonlinear dimensionality reduction},
  author={Sakurada, Mayu and Yairi, Takehisa},
  booktitle={Proceedings of the MLSDA 2014 2nd Workshop on Machine Learning for Sensory Data Analysis},
  pages={4--11},
  year={2014}
}

@inproceedings{pfeiffer2018neural,
  title={A neural autoencoder approach for document ranking and query refinement in pharmacogenomic information retrieval},
  author={Pfeiffer, Jonas and Broscheit, Samuel and Gemulla, Rainer and G{\"o}schl, Mathias},
  booktitle={Proceedings of the BioNLP 2018 workshop},
  pages={87--97},
  year={2018}
}

@inproceedings{baur2018deep,
  title={Deep autoencoding models for unsupervised anomaly segmentation in brain MR images},
  author={Baur, Christoph and Wiestler, Benedikt and Albarqouni, Shadi and Navab, Nassir},
  booktitle={International MICCAI Brainlesion Workshop},
  pages={161--169},
  year={2018},
  organization={Springer}
}

@article{karimpouli2019segmentation,
  title={Segmentation of digital rock images using deep convolutional autoencoder networks},
  author={Karimpouli, Sadegh and Tahmasebi, Pejman},
  journal={Computers \& geosciences},
  volume={126},
  pages={142--150},
  year={2019},
  publisher={Elsevier}
}

@article{hinton2006reducing,
  title={Reducing the dimensionality of data with neural networks},
  author={Hinton, Geoffrey E and Salakhutdinov, Ruslan R},
  journal={science},
  volume={313},
  number={5786},
  pages={504--507},
  year={2006},
  publisher={American Association for the Advancement of Science}
}

@inproceedings{li2014medical,
  title={Medical image classification with convolutional neural network},
  author={Li, Qing and Cai, Weidong and Wang, Xiaogang and Zhou, Yun and Feng, David Dagan and Chen, Mei},
  booktitle={2014 13th international conference on control automation robotics \& vision (ICARCV)},
  pages={844--848},
  year={2014},
  organization={IEEE}
}

@inproceedings{guo2017simple,
  title={Simple convolutional neural network on image classification},
  author={Guo, Tianmei and Dong, Jiwen and Li, Henjian and Gao, Yunxing},
  booktitle={2017 IEEE 2nd International Conference on Big Data Analysis (ICBDA)},
  pages={721--724},
  year={2017},
  organization={IEEE}
}

@article{paoletti2018new,
  title={A new deep convolutional neural network for fast hyperspectral image classification},
  author={Paoletti, Mercedes E and Haut, Juan Mario and Plaza, Javier and Plaza, Antonio},
  journal={ISPRS journal of photogrammetry and remote sensing},
  volume={145},
  pages={120--147},
  year={2018},
  publisher={Elsevier}
}

@inproceedings{cai2016unified,
  title={A unified multi-scale deep convolutional neural network for fast object detection},
  author={Cai, Zhaowei and Fan, Quanfu and Feris, Rogerio S and Vasconcelos, Nuno},
  booktitle={European conference on computer vision},
  pages={354--370},
  year={2016},
  organization={Springer}
}

@inproceedings{wu2017squeezedet,
  title={Squeezedet: Unified, small, low power fully convolutional neural networks for real-time object detection for autonomous driving},
  author={Wu, Bichen and Iandola, Forrest and Jin, Peter H and Keutzer, Kurt},
  booktitle={Proceedings of the IEEE Conference on Computer Vision and Pattern Recognition Workshops},
  pages={129--137},
  year={2017}
}

@article{wang2020solov2,
  title={SOLOv2: Dynamic and fast instance segmentation},
  author={Wang, Xinlong and Zhang, Rufeng and Kong, Tao and Li, Lei and Shen, Chunhua},
  journal={Advances in Neural Information Processing Systems},
  year={2020}
}

@article{xu2020convolutional,
  title={A convolutional neural network for point cloud instance segmentation in cluttered scene trained by synthetic data without color},
  author={Xu, Yajun and Arai, Shogo and Tokuda, Fuyuki and Kosuge, Kazuhiro},
  journal={IEEE Access},
  volume={8},
  pages={70262--70269},
  year={2020},
  publisher={IEEE}
}

@article{zhang2020mask,
  title={Mask-refined R-CNN: A network for refining object details in instance segmentation},
  author={Zhang, Yiqing and Chu, Jun and Leng, Lu and Miao, Jun},
  journal={Sensors},
  volume={20},
  number={4},
  pages={1010},
  year={2020},
  publisher={Multidisciplinary Digital Publishing Institute}
}

@article{lin2013network,
  title={Network in network},
  author={Lin, Min and Chen, Qiang and Yan, Shuicheng},
  journal={arXiv preprint arXiv:1312.4400},
  year={2013}
}

@inproceedings{ioffe2015batch,
  title={Batch normalization: Accelerating deep network training by reducing internal covariate shift},
  author={Ioffe, Sergey and Szegedy, Christian},
  booktitle={International conference on machine learning},
  pages={448--456},
  year={2015},
  organization={PMLR}
}

@article{santurkar2018does,
  title={How does batch normalization help optimization?},
  author={Santurkar, Shibani and Tsipras, Dimitris and Ilyas, Andrew and Madry, Aleksander},
  journal={arXiv preprint arXiv:1805.11604},
  year={2018}
}

@article{yang2019mean,
  title={A mean field theory of batch normalization},
  author={Yang, Greg and Pennington, Jeffrey and Rao, Vinay and Sohl-Dickstein, Jascha and Schoenholz, Samuel S},
  journal={arXiv preprint arXiv:1902.08129},
  year={2019}
}

@inproceedings{kohler2019exponential,
  title={Exponential convergence rates for batch normalization: The power of length-direction decoupling in non-convex optimization},
  author={Kohler, Jonas and Daneshmand, Hadi and Lucchi, Aurelien and Hofmann, Thomas and Zhou, Ming and Neymeyr, Klaus},
  booktitle={The 22nd International Conference on Artificial Intelligence and Statistics},
  pages={806--815},
  year={2019},
  organization={PMLR}
}

@book{hsu2002behind,
  title={Behind Deep Blue: Building the computer that defeated the world chess champion},
  author={Hsu, Feng-Hsiung},
  year={2002},
  publisher={Princeton University Press}
}

@inproceedings{boser1992training,
  title={A training algorithm for optimal margin classifiers},
  author={Boser, Bernhard E and Guyon, Isabelle M and Vapnik, Vladimir N},
  booktitle={Proceedings of the fifth annual workshop on Computational learning theory},
  pages={144--152},
  year={1992}
}

@article{breiman1984classification,
  title={Classification and regression trees},
  author={Breiman, Leo and Friedman, Jerome H and Olshen, Richard A and Stone, Charles J},
  journal={International Group},
  volume={432},
  pages={151--166},
  year={1984}
}

@article{fukunaga1975estimation,
  title={The estimation of the gradient of a density function, with applications in pattern recognition},
  author={Fukunaga, Keinosuke and Hostetler, Larry},
  journal={IEEE Transactions on information theory},
  volume={21},
  number={1},
  pages={32--40},
  year={1975},
  publisher={IEEE}
}

@article{baxter1997bayesian,
  title={A Bayesian/information theoretic model of learning to learn via multiple task sampling},
  author={Baxter, Jonathan},
  journal={Machine learning},
  volume={28},
  number={1},
  pages={7--39},
  year={1997},
  publisher={Springer}
}

@inproceedings{gradcam,
  title={Grad-cam: Visual explanations from deep networks via gradient-based localization},
  author={Selvaraju, Ramprasaath R and Cogswell, Michael and Das, Abhishek and Vedantam, Ramakrishna and Parikh, Devi and Batra, Dhruv},
  booktitle={Proceedings of the IEEE international conference on computer vision},
  pages={618--626},
  year={2017}
}

@inproceedings{ahmadvand2018estimating,
  title={Estimating Conformity of Head Yaw to the ICAO Standard using a Convolutional Neural Network},
  author={Ahmadvand, Ali and Moin, Mohamad-Shahram},
  booktitle={2018 9th International Symposium on Telecommunications (IST)},
  pages={69--73},
  year={2018},
  organization={IEEE}
}

@article{simonyan2014very,
  title={Very deep convolutional networks for large-scale image recognition},
  author={Simonyan, Karen and Zisserman, Andrew},
  journal={arXiv preprint arXiv:1409.1556},
  year={2014}
}

@inproceedings{sim2002cmu,
  title={{The CMU pose, illumination, and expression (PIE) database}},
  author={Sim, Terence and Baker, Simon and Bsat, Maan},
  booktitle={Proceedings of Fifth IEEE International Conference on Automatic Face Gesture Recognition},
  pages={53--58},
  year={2002},
  organization={IEEE}
}

@misc{csie2006database,
  author = {T. Nat Cheng Kung},
  title = {{NCKU CSIE Robotics Lab face}},
  howpublished = "\url{http://robotics.csie.ncku.edu.tw/database.html}",
  year = {2006}, 
  note = "[Online; accessed June-2021]"
}

@inproceedings{hernandez2019faceqnet,
  title={FaceQnet: Quality assessment for face recognition based on deep learning},
  author={Hernandez-Ortega, Javier and Galbally, Javier and Fierrez, Julian and Haraksim, Rudolf and Beslay, Laurent},
  booktitle={2019 International Conference on Biometrics (ICB)},
  pages={1--8},
  year={2019},
  organization={IEEE}
}

@inproceedings{he2016deep,
  title={Deep residual learning for image recognition},
  author={He, Kaiming and Zhang, Xiangyu and Ren, Shaoqing and Sun, Jian},
  booktitle={Proceedings of the IEEE conference on computer vision and pattern recognition},
  pages={770--778},
  year={2016}
}

@inproceedings{cao2018vggface2,
  title={Vggface2: A dataset for recognising faces across pose and age},
  author={Cao, Qiong and Shen, Li and Xie, Weidi and Parkhi, Omkar M and Zisserman, Andrew},
  booktitle={2018 13th IEEE international conference on automatic face \& gesture recognition (FG 2018)},
  pages={67--74},
  year={2018},
  organization={IEEE}
}

@article{sabour2017dynamic,
  title={Dynamic routing between capsules},
  author={Sabour, Sara and Frosst, Nicholas and Hinton, Geoffrey E},
  journal={arXiv preprint arXiv:1710.09829},
  year={2017}
}

@inproceedings{doersch2017multi,
  title={Multi-task self-supervised visual learning},
  author={Doersch, Carl and Zisserman, Andrew},
  booktitle={Proceedings of the IEEE International Conference on Computer Vision},
  pages={2051--2060},
  year={2017}
}